%YAML 1.1
%TAG !u! tag:unity3d.com,2011:
--- !u!1001 &100100000
Prefab:
  m_ObjectHideFlags: 1
  serializedVersion: 2
  m_Modification:
    m_TransformParent: {fileID: 0}
    m_Modifications: []
    m_RemovedComponents: []
  m_ParentPrefab: {fileID: 0}
  m_RootGameObject: {fileID: 1545397281076592}
  m_IsPrefabParent: 1
--- !u!1 &1545397281076592
GameObject:
  m_ObjectHideFlags: 0
  m_PrefabParentObject: {fileID: 0}
  m_PrefabInternal: {fileID: 100100000}
  serializedVersion: 5
  m_Component:
  - component: {fileID: 4794476417525182}
  - component: {fileID: 114377653289529394}
  - component: {fileID: 114159845698407214}
  m_Layer: 9
  m_Name: MMD Bonds
  m_TagString: Untagged
  m_Icon: {fileID: 0}
  m_NavMeshLayer: 0
  m_StaticEditorFlags: 0
  m_IsActive: 1
--- !u!4 &4794476417525182
Transform:
  m_ObjectHideFlags: 1
  m_PrefabParentObject: {fileID: 0}
  m_PrefabInternal: {fileID: 100100000}
  m_GameObject: {fileID: 1545397281076592}
  m_LocalRotation: {x: -0, y: -0, z: -0, w: 1}
  m_LocalPosition: {x: 0, y: 0, z: 0}
  m_LocalScale: {x: 1, y: 1, z: 1}
  m_Children: []
  m_Father: {fileID: 0}
  m_RootOrder: 0
  m_LocalEulerAnglesHint: {x: 0, y: 0, z: 0}
--- !u!114 &114159845698407214
MonoBehaviour:
  m_ObjectHideFlags: 1
  m_PrefabParentObject: {fileID: 0}
  m_PrefabInternal: {fileID: 100100000}
  m_GameObject: {fileID: 1545397281076592}
  m_Enabled: 1
  m_EditorHideFlags: 0
  m_Script: {fileID: 11500000, guid: 52b30871d4a90ba40af8378ce0e0ac08, type: 3}
  m_Name: 
  m_EditorClassIdentifier: 
  FrameSource:
    link: {fileID: 0}
  SelectionSource:
    link: {fileID: 0}
  StyleSource:
    link: {fileID: 0}
  IgnoreSources: 0
--- !u!114 &114377653289529394
MonoBehaviour:
  m_ObjectHideFlags: 1
  m_PrefabParentObject: {fileID: 0}
  m_PrefabInternal: {fileID: 100100000}
  m_GameObject: {fileID: 1545397281076592}
  m_Enabled: 1
  m_EditorHideFlags: 0
  m_Script: {fileID: 11500000, guid: 325722bf83e58f6479622f2acf326dd6, type: 3}
  m_Name: 
  m_EditorClassIdentifier: 
  AutoRefresh: 1
  bondsShader: {fileID: 4800000, guid: de43824add3973440ae1cef8baec87d3, type: 3}
  Settings:
    IntParameters:
    - Name: Darken
      _value: 64
    - Name: PrismSides
      _value: 3
    FloatParameters:
    - Name: Radius
      _value: 0.04
    - Name: Blend Sharpness
      _value: 0.5
    BoolParameters:
    - Name: EndCaps
      _value: 0
    ColorParameters: []
    Darken:
      Name: Darken
      _value: 64
    PrismSides:
      Name: PrismSides
      _value: 3
    EndCaps:
      Name: EndCaps
      _value: 0
    Radius:
      Name: Radius
      _value: 0.04
    BlendSharpness:
      Name: Blend Sharpness
      _value: 0.5
