%YAML 1.1
%TAG !u! tag:unity3d.com,2011:
--- !u!1001 &100100000
Prefab:
  m_ObjectHideFlags: 1
  serializedVersion: 2
  m_Modification:
    m_TransformParent: {fileID: 0}
    m_Modifications: []
    m_RemovedComponents: []
  m_ParentPrefab: {fileID: 0}
  m_RootGameObject: {fileID: 1493946142076200}
  m_IsPrefabParent: 1
--- !u!1 &1043166146850336
GameObject:
  m_ObjectHideFlags: 0
  m_PrefabParentObject: {fileID: 0}
  m_PrefabInternal: {fileID: 100100000}
  serializedVersion: 5
  m_Component:
  - component: {fileID: 4200142998358290}
  - component: {fileID: 114608267278523946}
  - component: {fileID: 114812001715635154}
  m_Layer: 9
  m_Name: MMD Trail
  m_TagString: Untagged
  m_Icon: {fileID: 0}
  m_NavMeshLayer: 0
  m_StaticEditorFlags: 0
  m_IsActive: 1
--- !u!1 &1446864386644236
GameObject:
  m_ObjectHideFlags: 0
  m_PrefabParentObject: {fileID: 0}
  m_PrefabInternal: {fileID: 100100000}
  serializedVersion: 5
  m_Component:
  - component: {fileID: 4490369863487440}
  - component: {fileID: 114459977848620578}
  m_Layer: 9
  m_Name: Black Max Radius
  m_TagString: Untagged
  m_Icon: {fileID: 0}
  m_NavMeshLayer: 0
  m_StaticEditorFlags: 0
  m_IsActive: 1
--- !u!1 &1493946142076200
GameObject:
  m_ObjectHideFlags: 0
  m_PrefabParentObject: {fileID: 0}
  m_PrefabInternal: {fileID: 100100000}
  serializedVersion: 5
  m_Component:
  - component: {fileID: 4531540920582668}
  - component: {fileID: 114197545005049344}
  m_Layer: 9
  m_Name: NSB Wow
  m_TagString: Untagged
  m_Icon: {fileID: 0}
  m_NavMeshLayer: 0
  m_StaticEditorFlags: 0
  m_IsActive: 1
--- !u!1 &1545938512889574
GameObject:
  m_ObjectHideFlags: 1
  m_PrefabParentObject: {fileID: 0}
  m_PrefabInternal: {fileID: 100100000}
  serializedVersion: 5
  m_Component:
  - component: {fileID: 4870288744311514}
  - component: {fileID: 114774296483340650}
  m_Layer: 9
  m_Name: MMD Bonds
  m_TagString: Untagged
  m_Icon: {fileID: 0}
  m_NavMeshLayer: 0
  m_StaticEditorFlags: 0
  m_IsActive: 1
--- !u!1 &1565622699132292
GameObject:
  m_ObjectHideFlags: 1
  m_PrefabParentObject: {fileID: 0}
  m_PrefabInternal: {fileID: 100100000}
  serializedVersion: 5
  m_Component:
  - component: {fileID: 4448321704983134}
  - component: {fileID: 114059766553479344}
  - component: {fileID: 114712138156918064}
  m_Layer: 9
  m_Name: MMD Lines (Bond Outlines)
  m_TagString: Untagged
  m_Icon: {fileID: 0}
  m_NavMeshLayer: 0
  m_StaticEditorFlags: 0
  m_IsActive: 1
--- !u!1 &1580637497810268
GameObject:
  m_ObjectHideFlags: 1
  m_PrefabParentObject: {fileID: 0}
  m_PrefabInternal: {fileID: 100100000}
  serializedVersion: 5
  m_Component:
  - component: {fileID: 4969676009054964}
  - component: {fileID: 96823935379954116}
  m_Layer: 9
  m_Name: Trail Template
  m_TagString: Untagged
  m_Icon: {fileID: 0}
  m_NavMeshLayer: 0
  m_StaticEditorFlags: 0
  m_IsActive: 0
--- !u!1 &1630496046675912
GameObject:
  m_ObjectHideFlags: 1
  m_PrefabParentObject: {fileID: 0}
  m_PrefabInternal: {fileID: 100100000}
  serializedVersion: 5
  m_Component:
  - component: {fileID: 4829639064565696}
  - component: {fileID: 114202626804941340}
  - component: {fileID: 114559048057924166}
  m_Layer: 9
  m_Name: MMD Points (Atom Outlines)
  m_TagString: Untagged
  m_Icon: {fileID: 0}
  m_NavMeshLayer: 0
  m_StaticEditorFlags: 0
  m_IsActive: 1
--- !u!1 &1639838171680602
GameObject:
  m_ObjectHideFlags: 0
  m_PrefabParentObject: {fileID: 0}
  m_PrefabInternal: {fileID: 100100000}
  serializedVersion: 5
  m_Component:
  - component: {fileID: 4616411928781234}
  - component: {fileID: 114350586147467178}
  - component: {fileID: 114815737503765514}
  m_Layer: 9
  m_Name: MMD Liquorice (Body)
  m_TagString: Untagged
  m_Icon: {fileID: 0}
  m_NavMeshLayer: 0
  m_StaticEditorFlags: 0
  m_IsActive: 1
--- !u!1 &1661309905906204
GameObject:
  m_ObjectHideFlags: 1
  m_PrefabParentObject: {fileID: 0}
  m_PrefabInternal: {fileID: 100100000}
  serializedVersion: 5
  m_Component:
  - component: {fileID: 4379998858067924}
  - component: {fileID: 114580551251599892}
  m_Layer: 9
  m_Name: MMD VDW
  m_TagString: Untagged
  m_Icon: {fileID: 0}
  m_NavMeshLayer: 0
  m_StaticEditorFlags: 0
  m_IsActive: 1
--- !u!4 &4200142998358290
Transform:
  m_ObjectHideFlags: 1
  m_PrefabParentObject: {fileID: 0}
  m_PrefabInternal: {fileID: 100100000}
  m_GameObject: {fileID: 1043166146850336}
  m_LocalRotation: {x: -0, y: -0, z: -0, w: 1}
  m_LocalPosition: {x: 0, y: 0, z: 0}
  m_LocalScale: {x: 1, y: 1, z: 1}
  m_Children:
  - {fileID: 4969676009054964}
  m_Father: {fileID: 4531540920582668}
  m_RootOrder: 0
  m_LocalEulerAnglesHint: {x: 0, y: 0, z: 0}
--- !u!4 &4379998858067924
Transform:
  m_ObjectHideFlags: 1
  m_PrefabParentObject: {fileID: 0}
  m_PrefabInternal: {fileID: 100100000}
  m_GameObject: {fileID: 1661309905906204}
  m_LocalRotation: {x: -0, y: -0, z: -0, w: 1}
  m_LocalPosition: {x: 0, y: 0, z: 0}
  m_LocalScale: {x: 1, y: 1, z: 1}
  m_Children:
  - {fileID: 4829639064565696}
  m_Father: {fileID: 4616411928781234}
  m_RootOrder: 0
  m_LocalEulerAnglesHint: {x: 0, y: 0, z: 0}
--- !u!4 &4448321704983134
Transform:
  m_ObjectHideFlags: 1
  m_PrefabParentObject: {fileID: 0}
  m_PrefabInternal: {fileID: 100100000}
  m_GameObject: {fileID: 1565622699132292}
  m_LocalRotation: {x: -0, y: -0, z: -0, w: 1}
  m_LocalPosition: {x: 0, y: 0, z: 0}
  m_LocalScale: {x: 1, y: 1, z: 1}
  m_Children: []
  m_Father: {fileID: 4870288744311514}
  m_RootOrder: 0
  m_LocalEulerAnglesHint: {x: 0, y: 0, z: 0}
--- !u!4 &4490369863487440
Transform:
  m_ObjectHideFlags: 1
  m_PrefabParentObject: {fileID: 0}
  m_PrefabInternal: {fileID: 100100000}
  m_GameObject: {fileID: 1446864386644236}
  m_LocalRotation: {x: -0, y: -0, z: -0, w: 1}
  m_LocalPosition: {x: 0, y: 0, z: 0}
  m_LocalScale: {x: 1, y: 1, z: 1}
  m_Children: []
  m_Father: {fileID: 4531540920582668}
  m_RootOrder: 2
  m_LocalEulerAnglesHint: {x: 0, y: 0, z: 0}
--- !u!4 &4531540920582668
Transform:
  m_ObjectHideFlags: 1
  m_PrefabParentObject: {fileID: 0}
  m_PrefabInternal: {fileID: 100100000}
  m_GameObject: {fileID: 1493946142076200}
  m_LocalRotation: {x: -0, y: -0, z: -0, w: 1}
  m_LocalPosition: {x: 0, y: 0, z: 0}
  m_LocalScale: {x: 1, y: 1, z: 1}
  m_Children:
  - {fileID: 4200142998358290}
  - {fileID: 4616411928781234}
  - {fileID: 4490369863487440}
  m_Father: {fileID: 0}
  m_RootOrder: 0
  m_LocalEulerAnglesHint: {x: 0, y: 0, z: 0}
--- !u!4 &4616411928781234
Transform:
  m_ObjectHideFlags: 1
  m_PrefabParentObject: {fileID: 0}
  m_PrefabInternal: {fileID: 100100000}
  m_GameObject: {fileID: 1639838171680602}
  m_LocalRotation: {x: -0, y: -0, z: -0, w: 1}
  m_LocalPosition: {x: 0, y: 0, z: 0}
  m_LocalScale: {x: 1, y: 1, z: 1}
  m_Children:
  - {fileID: 4379998858067924}
  - {fileID: 4870288744311514}
  m_Father: {fileID: 4531540920582668}
  m_RootOrder: 1
  m_LocalEulerAnglesHint: {x: 0, y: 0, z: 0}
--- !u!4 &4829639064565696
Transform:
  m_ObjectHideFlags: 1
  m_PrefabParentObject: {fileID: 0}
  m_PrefabInternal: {fileID: 100100000}
  m_GameObject: {fileID: 1630496046675912}
  m_LocalRotation: {x: -0, y: -0, z: -0, w: 1}
  m_LocalPosition: {x: 0, y: 0, z: 0}
  m_LocalScale: {x: 1, y: 1, z: 1}
  m_Children: []
  m_Father: {fileID: 4379998858067924}
  m_RootOrder: 0
  m_LocalEulerAnglesHint: {x: 0, y: 0, z: 0}
--- !u!4 &4870288744311514
Transform:
  m_ObjectHideFlags: 1
  m_PrefabParentObject: {fileID: 0}
  m_PrefabInternal: {fileID: 100100000}
  m_GameObject: {fileID: 1545938512889574}
  m_LocalRotation: {x: -0, y: -0, z: -0, w: 1}
  m_LocalPosition: {x: 0, y: 0, z: 0}
  m_LocalScale: {x: 1, y: 1, z: 1}
  m_Children:
  - {fileID: 4448321704983134}
  m_Father: {fileID: 4616411928781234}
  m_RootOrder: 1
  m_LocalEulerAnglesHint: {x: 0, y: 0, z: 0}
--- !u!4 &4969676009054964
Transform:
  m_ObjectHideFlags: 1
  m_PrefabParentObject: {fileID: 0}
  m_PrefabInternal: {fileID: 100100000}
  m_GameObject: {fileID: 1580637497810268}
  m_LocalRotation: {x: 0, y: 0, z: 0, w: 1}
  m_LocalPosition: {x: 0, y: 0, z: 0}
  m_LocalScale: {x: 1, y: 1, z: 1}
  m_Children: []
  m_Father: {fileID: 4200142998358290}
  m_RootOrder: 0
  m_LocalEulerAnglesHint: {x: 0, y: 0, z: 0}
--- !u!96 &96823935379954116
TrailRenderer:
  serializedVersion: 2
  m_ObjectHideFlags: 1
  m_PrefabParentObject: {fileID: 0}
  m_PrefabInternal: {fileID: 100100000}
  m_GameObject: {fileID: 1580637497810268}
  m_Enabled: 1
  m_CastShadows: 1
  m_ReceiveShadows: 0
  m_DynamicOccludee: 1
  m_MotionVectors: 1
  m_LightProbeUsage: 0
  m_ReflectionProbeUsage: 0
  m_Materials:
  - {fileID: 2100000, guid: 011fe272cc0f6f6458bab13d233acd8f, type: 2}
  m_StaticBatchInfo:
    firstSubMesh: 0
    subMeshCount: 0
  m_StaticBatchRoot: {fileID: 0}
  m_ProbeAnchor: {fileID: 0}
  m_LightProbeVolumeOverride: {fileID: 0}
  m_ScaleInLightmap: 1
  m_PreserveUVs: 0
  m_IgnoreNormalsForChartDetection: 0
  m_ImportantGI: 0
  m_StitchLightmapSeams: 0
  m_SelectedEditorRenderState: 3
  m_MinimumChartSize: 4
  m_AutoUVMaxDistance: 0.5
  m_AutoUVMaxAngle: 89
  m_LightmapParameters: {fileID: 0}
  m_SortingLayerID: 0
  m_SortingLayer: 0
  m_SortingOrder: 0
  m_Time: 10
  m_Parameters:
    serializedVersion: 2
    widthMultiplier: 1
    widthCurve:
      serializedVersion: 2
      m_Curve:
      - serializedVersion: 2
        time: 0
        value: 1
        inSlope: 0
        outSlope: 0
        tangentMode: 0
      m_PreInfinity: 2
      m_PostInfinity: 2
      m_RotationOrder: 4
    colorGradient:
      serializedVersion: 2
      key0: {r: 1, g: 1, b: 1, a: 1}
      key1: {r: 1, g: 1, b: 1, a: 1}
      key2: {r: 0, g: 0, b: 0, a: 0}
      key3: {r: 0, g: 0, b: 0, a: 0}
      key4: {r: 0, g: 0, b: 0, a: 0}
      key5: {r: 0, g: 0, b: 0, a: 0}
      key6: {r: 0, g: 0, b: 0, a: 0}
      key7: {r: 0, g: 0, b: 0, a: 0}
      ctime0: 0
      ctime1: 65535
      ctime2: 0
      ctime3: 0
      ctime4: 0
      ctime5: 0
      ctime6: 0
      ctime7: 0
      atime0: 0
      atime1: 65535
      atime2: 0
      atime3: 0
      atime4: 0
      atime5: 0
      atime6: 0
      atime7: 0
      m_Mode: 0
      m_NumColorKeys: 2
      m_NumAlphaKeys: 2
    numCornerVertices: 1
    numCapVertices: 0
    alignment: 0
    textureMode: 0
    generateLightingData: 0
  m_MinVertexDistance: 0.001
  m_Autodestruct: 0
--- !u!114 &114059766553479344
MonoBehaviour:
  m_ObjectHideFlags: 1
  m_PrefabParentObject: {fileID: 0}
  m_PrefabInternal: {fileID: 100100000}
  m_GameObject: {fileID: 1565622699132292}
  m_Enabled: 1
  m_EditorHideFlags: 0
  m_Script: {fileID: 11500000, guid: 81f8360840c12fb46aa84c22f0ce1379, type: 3}
  m_Name: 
  m_EditorClassIdentifier: 
  AutoRefresh: 0
  EyeTransform: {fileID: 0}
  ForceParticles: 0
  Texture: {fileID: 2800000, guid: d509785c43e9afa4daad401f033c0a85, type: 3}
  linesShader: {fileID: 4800000, guid: b6cd1f95cdfa48e4e871cdff8510a766, type: 3}
  linesToBillboardsShader: {fileID: 4800000, guid: bb1d07a677c99374095c84e0e5b0cc7e,
    type: 3}
  quadsShader: {fileID: 4800000, guid: 01312858c226be14d8302f977904d9e4, type: 3}
  Settings:
    IntParameters: []
    FloatParameters:
    - Name: Width
      _value: 0.1
    - Name: Sharpness
      _value: 1
    BoolParameters: []
    ColorParameters: []
    Width:
      Name: Width
      _value: 0.1
    Sharpness:
      Name: Sharpness
      _value: 1
--- !u!114 &114197545005049344
MonoBehaviour:
  m_ObjectHideFlags: 1
  m_PrefabParentObject: {fileID: 0}
  m_PrefabInternal: {fileID: 100100000}
  m_GameObject: {fileID: 1493946142076200}
  m_Enabled: 1
  m_EditorHideFlags: 0
  m_Script: {fileID: 11500000, guid: 634e0145122c49b44b3dbb5db319bb37, type: 3}
  m_Name: 
  m_EditorClassIdentifier: 
  autoRefresh: 1
  refreshables:
  - link: {fileID: 1446864386644236}
  - link: {fileID: 1639838171680602}
  - link: {fileID: 1630496046675912}
  - link: {fileID: 1565622699132292}
--- !u!114 &114202626804941340
MonoBehaviour:
  m_ObjectHideFlags: 1
  m_PrefabParentObject: {fileID: 0}
  m_PrefabInternal: {fileID: 100100000}
  m_GameObject: {fileID: 1630496046675912}
  m_Enabled: 1
  m_EditorHideFlags: 0
  m_Script: {fileID: 11500000, guid: b26fd36545ab8e64fb92dce5d754fd72, type: 3}
  m_Name: 
  m_EditorClassIdentifier: 
  AutoRefresh: 0
  pointsShader: {fileID: 4800000, guid: 8f8dc2c69136a6343b0114ec24c09e6b, type: 3}
  pointsToBillboardsShader: {fileID: 4800000, guid: 4f68fffb3cc18e24aafdf6c816181e73,
    type: 3}
  quadsShader: {fileID: 4800000, guid: 49cf5983635d3ee4caf57bdd0af81690, type: 3}
  ParticleTexture: {fileID: 2800000, guid: 329f62cb837038849bd93aefb2011da1, type: 3}
  ForceParticles: 0
  Settings:
    IntParameters: []
    FloatParameters:
    - Name: Scaling
      _value: 1
    BoolParameters: []
    ColorParameters: []
    Scaling:
      Name: Scaling
      _value: 1
--- !u!114 &114350586147467178
MonoBehaviour:
  m_ObjectHideFlags: 1
  m_PrefabParentObject: {fileID: 0}
  m_PrefabInternal: {fileID: 100100000}
  m_GameObject: {fileID: 1639838171680602}
  m_Enabled: 1
  m_EditorHideFlags: 0
  m_Script: {fileID: 11500000, guid: 11e2ac49e3db3c542a8f3db118b6259f, type: 3}
  m_Name: 
  m_EditorClassIdentifier: 
  AutoRefresh: 0
  atoms: {fileID: 114580551251599892}
  bonds: {fileID: 114774296483340650}
  Settings:
    IntParameters:
    - Name: AtomMeshComplexity
      _value: 7
    - Name: BondPrismSides
      _value: 6
    FloatParameters:
    - Name: Radius
      _value: 0.064
    - Name: AtomHemisphereCull
      _value: 0
    - Name: Blend Blending
      _value: 0.5
    BoolParameters:
    - Name: AtomSpin
      _value: 1
    - Name: AtomHemispheres
      _value: 1
    ColorParameters: []
    Radius:
      Name: Radius
      _value: 0.064
    AtomMeshComplexity:
      Name: AtomMeshComplexity
      _value: 7
    AtomSpin:
      Name: AtomSpin
      _value: 1
    AtomHemispheres:
      Name: AtomHemispheres
      _value: 1
    AtomHemisphereCull:
      Name: AtomHemisphereCull
      _value: 0
    BondPrismSides:
      Name: BondPrismSides
      _value: 6
    BlendSharpness:
      Name: Blend Blending
      _value: 0.5
--- !u!114 &114459977848620578
MonoBehaviour:
  m_ObjectHideFlags: 1
  m_PrefabParentObject: {fileID: 0}
  m_PrefabInternal: {fileID: 100100000}
  m_GameObject: {fileID: 1446864386644236}
  m_Enabled: 1
  m_EditorHideFlags: 0
  m_Script: {fileID: 11500000, guid: b359cc4cafedd534398886d9831c8880, type: 3}
  m_Name: 
  m_EditorClassIdentifier: 
  AutoRefresh: 0
  frameSource:
    link: {fileID: 0}
  AtomColor:
    serializedVersion: 2
    rgba: 4278190080
  Scale: 1.2
  Boost: 0
  Renderers:
  - {fileID: 114350586147467178}
--- !u!114 &114559048057924166
MonoBehaviour:
  m_ObjectHideFlags: 1
  m_PrefabParentObject: {fileID: 0}
  m_PrefabInternal: {fileID: 100100000}
  m_GameObject: {fileID: 1630496046675912}
  m_Enabled: 1
  m_EditorHideFlags: 0
  m_Script: {fileID: 11500000, guid: 52b30871d4a90ba40af8378ce0e0ac08, type: 3}
  m_Name: 
  m_EditorClassIdentifier: 
  FrameSource:
    link: {fileID: 0}
  SelectionSource:
    link: {fileID: 0}
  StyleSource:
    link: {fileID: 1446864386644236}
  IgnoreSources: 0
--- !u!114 &114580551251599892
MonoBehaviour:
  m_ObjectHideFlags: 1
  m_PrefabParentObject: {fileID: 0}
  m_PrefabInternal: {fileID: 100100000}
  m_GameObject: {fileID: 1661309905906204}
  m_Enabled: 1
  m_EditorHideFlags: 0
  m_Script: {fileID: 11500000, guid: cc8b399d3f65e9440a9e72d37d854538, type: 3}
  m_Name: 
  m_EditorClassIdentifier: 
  AutoRefresh: 0
  vdwShader: {fileID: 4800000, guid: 5228e4718ee754c409123be01d993cd3, type: 3}
  Settings:
    IntParameters:
    - Name: Darken
      _value: 64
    - Name: MeshComplexity
      _value: 6
    FloatParameters:
    - Name: HemisphereCull
      _value: 0
    - Name: Scaling
      _value: 1
    BoolParameters:
    - Name: Spin
      _value: 0
    - Name: Hemispheres
      _value: 0
    ColorParameters: []
    Darken:
      Name: Darken
      _value: 64
    MeshComplexity:
      Name: MeshComplexity
      _value: 6
    Spin:
      Name: Spin
      _value: 0
    Hemispheres:
      Name: Hemispheres
      _value: 0
    HemisphereCull:
      Name: HemisphereCull
      _value: 0
    Scaling:
      Name: Scaling
      _value: 1
--- !u!114 &114608267278523946
MonoBehaviour:
  m_ObjectHideFlags: 1
  m_PrefabParentObject: {fileID: 0}
  m_PrefabInternal: {fileID: 100100000}
  m_GameObject: {fileID: 1043166146850336}
  m_Enabled: 1
  m_EditorHideFlags: 0
  m_Script: {fileID: 11500000, guid: e5ddbd3d1205a7d43a37462bd160ead5, type: 3}
  m_Name: 
  m_EditorClassIdentifier: 
  AutoRefresh: 1
  widthCurve:
    serializedVersion: 2
    m_Curve:
    - serializedVersion: 2
      time: 0
      value: 0
      inSlope: 13.65029
      outSlope: 13.65029
      tangentMode: 34
    - serializedVersion: 2
      time: 0.07019547
      value: 0.9581884
      inSlope: 10.675289
      outSlope: 10.675289
      tangentMode: 0
    - serializedVersion: 2
      time: 0.36063594
      value: 0.29739472
      inSlope: -1.2405568
      outSlope: -1.2405568
      tangentMode: 0
    - serializedVersion: 2
      time: 0.99843496
      value: 0.0029411316
      inSlope: 0
      outSlope: 0
      tangentMode: 0
    m_PreInfinity: 2
    m_PostInfinity: 2
    m_RotationOrder: 0
  trailTemplate: {fileID: 96823935379954116}
  Settings:
    IntParameters: []
    FloatParameters:
    - Name: Scaling
      _value: 0.1
    BoolParameters: []
    ColorParameters: []
    Scaling:
      Name: Scaling
      _value: 0.1
--- !u!114 &114712138156918064
MonoBehaviour:
  m_ObjectHideFlags: 1
  m_PrefabParentObject: {fileID: 0}
  m_PrefabInternal: {fileID: 100100000}
  m_GameObject: {fileID: 1565622699132292}
  m_Enabled: 1
  m_EditorHideFlags: 0
  m_Script: {fileID: 11500000, guid: 52b30871d4a90ba40af8378ce0e0ac08, type: 3}
  m_Name: 
  m_EditorClassIdentifier: 
  FrameSource:
    link: {fileID: 0}
  SelectionSource:
    link: {fileID: 0}
  StyleSource:
    link: {fileID: 0}
  IgnoreSources: 0
--- !u!114 &114774296483340650
MonoBehaviour:
  m_ObjectHideFlags: 1
  m_PrefabParentObject: {fileID: 0}
  m_PrefabInternal: {fileID: 100100000}
  m_GameObject: {fileID: 1545938512889574}
  m_Enabled: 1
  m_EditorHideFlags: 0
  m_Script: {fileID: 11500000, guid: 325722bf83e58f6479622f2acf326dd6, type: 3}
  m_Name: 
  m_EditorClassIdentifier: 
  AutoRefresh: 0
  bondsShader: {fileID: 4800000, guid: de43824add3973440ae1cef8baec87d3, type: 3}
  Settings:
    IntParameters:
    - Name: Darken
      _value: 64
    - Name: PrismSides
      _value: 3
    FloatParameters:
    - Name: Radius
      _value: 0.04
    - Name: Blend Sharpness
      _value: 0.5
    BoolParameters:
    - Name: EndCaps
      _value: 0
    ColorParameters: []
    Darken:
      Name: Darken
      _value: 64
    PrismSides:
      Name: PrismSides
      _value: 3
    EndCaps:
      Name: EndCaps
      _value: 0
    Radius:
      Name: Radius
      _value: 0.04
    BlendSharpness:
      Name: Blend Sharpness
      _value: 0.5
--- !u!114 &114812001715635154
MonoBehaviour:
  m_ObjectHideFlags: 1
  m_PrefabParentObject: {fileID: 0}
  m_PrefabInternal: {fileID: 100100000}
  m_GameObject: {fileID: 1043166146850336}
  m_Enabled: 1
  m_EditorHideFlags: 0
  m_Script: {fileID: 11500000, guid: 52b30871d4a90ba40af8378ce0e0ac08, type: 3}
  m_Name: 
  m_EditorClassIdentifier: 
  FrameSource:
    link: {fileID: 0}
  SelectionSource:
    link: {fileID: 0}
  StyleSource:
    link: {fileID: 0}
  IgnoreSources: 0
--- !u!114 &114815737503765514
MonoBehaviour:
  m_ObjectHideFlags: 1
  m_PrefabParentObject: {fileID: 0}
  m_PrefabInternal: {fileID: 100100000}
  m_GameObject: {fileID: 1639838171680602}
  m_Enabled: 1
  m_EditorHideFlags: 0
  m_Script: {fileID: 11500000, guid: 52b30871d4a90ba40af8378ce0e0ac08, type: 3}
  m_Name: 
  m_EditorClassIdentifier: 
  FrameSource:
    link: {fileID: 0}
  SelectionSource:
    link: {fileID: 0}
  StyleSource:
    link: {fileID: 0}
  IgnoreSources: 0
